<?xml version="1.0" encoding="UTF-8"?><collection xmlns="http://www.loc.gov/MARC21/slim"><record><leader>00463nam--2200181-u-4500</leader><controlfield tag="001">000053308</controlfield><controlfield tag="002">20161230</controlfield><controlfield tag="005">20161230201051</controlfield><controlfield tag="008">110202s1000------------r-----000-0-rum-d</controlfield><datafield ind1=" " ind2=" " tag="040"><subfield code="a">IFIN-HH</subfield></datafield><datafield ind1=" " ind2=" " tag="041"><subfield code="a">rum</subfield></datafield><datafield ind1="1" ind2=" " tag="100"><subfield code="a">Grigorovici, R</subfield></datafield><datafield ind1="1" ind2="0" tag="245"><subfield code="a">Omagiu;</subfield><subfield code="b">Festschrift pentru a 95-a aniversare;</subfield><subfield code="c">Radu grigorovici</subfield></datafield><datafield ind1=" " ind2=" " tag="250"><subfield code="a">Editie Ad-hoc</subfield></datafield><datafield ind1=" " ind2=" " tag="260"><subfield code="a">Bucuresti</subfield><subfield code="b">Inoe 2000</subfield><subfield code="c">2006</subfield></datafield><datafield ind1=" " ind2=" " tag="300"><subfield code="a">105P</subfield></datafield><datafield ind1=" " ind2=" " tag="852"><subfield code="a">82316</subfield><subfield code="c">92</subfield></datafield><datafield ind1=" " ind2=" " tag="CAT"><subfield code="a">Sys</subfield><subfield code="c">20120801</subfield><subfield code="h">142011</subfield></datafield></record></collection>